  @Misc{rstan,
    title = {{RStan}: the {R} interface to {Stan}},
    author = {{Stan Development Team}},
    note = {R package version 2.21.2},
    year = {2020},
    url = {http://mc-stan.org/},
  }

  @article{stringhini2021_sp2,
  title={Seroprevalence of anti-SARS-CoV-2 antibodies after the second pandemic peak.},
  author={Stringhini, Silvia and Zaballa, Mar{\'\i}a-Eugenia and Perez-Saez, Javier and Pullen, Nick and de Mestral, Carlos and Picazio, Attilio and Pennacchio, Francesco and Wisniak, Ania and Richard, Aude and Baysson, H{\'e}l{\`e}ne and Loizeau, Andrea and Balavoine, Jean-François and Trono, Didier and Pittet, Didier and Posfay-Barbe, Klara and Flahault, Antoine and Chappuis, François and Kherad, Omar and Vuilleumier, Nicolas and Kaiser, Laurent and Azman, Andrew S and Guessous Idris},
  journal={The Lancet. Infectious Diseases},
  volume={21},
  number={5},
  pages={600--601},
  year={2021}
}

@article{stringhini2020lancet,
  title={Seroprevalence of anti-SARS-CoV-2 IgG antibodies in Geneva, Switzerland (SEROCoV-POP): a population-based study},
  author={Stringhini, Silvia and Wisniak, Ania and Piumatti, Giovanni and Azman, Andrew S and Lauer, Stephen A and Baysson, H{\'e}l{\`e}ne and De Ridder, David and Petrovic, Dusan and Schrempft, Stephanie and Marcus, Kailing and others},
  journal={The Lancet},
  volume={396},
  number={10247},
  pages={313--319},
  year={2020},
  publisher={Elsevier}
}

@Manual{shinystan,
  title = {shinystan: Interactive Visual and Numerical Diagnostics and Posterior
alysis for Bayesian Models},
  author = {Jonah Gabry},
  year = {2018},
  note = {R package version 2.5.0},
  url = {https://CRAN.R-project.org/package=shinystan},
}

@article{ainsworth2020performance,
  title={Performance characteristics of five immunoassays for SARS-CoV-2: a head-to-head benchmark comparison},
  author={Ainsworth, Mark and Andersson, Monique and Auckland, Kathryn and Baillie, J Kenneth and Barnes, Eleanor and Beer, Sally and Beveridge, Amy and Bibi, Sagida and Blackwell, Luke and Borak, Martyna and others},
  journal={The Lancet Infectious Diseases},
  volume={20},
  number={12},
  pages={1390--1400},
  year={2020},
  publisher={Elsevier},
  url={https://www.thelancet.com/action/showPdf?pii=S1473-3099\%2820\%2930634-4}
}

@article{gelman2020,
  title={Bayesian analysis of tests with unknown specificity and sensitivity},
  author={Gelman, Andrew and Carpenter, Bob},
  journal={Journal of the Royal Statistical Society: Series C (Applied Statistics)},
  volume={69},
  number={5},
  pages={1269--1283},
  year={2020},
  publisher={Wiley Online Library}
}

@Manual{stan,
  title = {Stan Modeling Language Users Guide and Reference Manual},
  author = {{Stan Development Team}},
  year = {2019},
  note = {Version 2.21.0},
  url = {https://mc-stan.org},
}

@article{muench2020,
  author    = {Muench, Peter and Jochum, Simon and Wenderoth, Verena and Ofenloch-Haehnle, Beatus and Hombach, Michael and Strobl, Matthias and Sadlowski, Henrik and Sachse, Christopher and Torriani, Giulia and Eckerle, Isabella and others},
  title     = {Development and validation of the Elecsys Anti-SARS-CoV-2 Immunoassay as a highly specific tool for determining past exposure to SARS-CoV-2},
  journal   = {{Journal of Clinical Microbiology}},
  year      = {2020},
  volume    = {58},
  number    = {10},
  publisher = {Am Soc Microbiol},
}

@Manual{Rcore,
  title = {R: A Language and Environment for Statistical Computing},
  author = {{R Core Team}},
  organization = {R Foundation for Statistical Computing},
  address = {Vienna, Austria},
  year = {2021},
  url = {https://www.R-project.org/},
}
